@article{is-nb-good,
	title	= {Is Na√Øve bayes a good classifier for document classification?},
	author	= {S.L. Ting and W.H. Ip and Albert H.C. Tsang},
	year	= {2011},
	journal	= {International journal of software engineering and its applications},
	number = {3},
	pages	= {37-46},
	volume	= {5}
}


@book{bishop-pattern-recognition,
	author = {Bishop and Christopher M.},
	title = {Pattern Recognition and Machine Learning (Information Science and Statistics)},
	year = {2006},
	isbn = {0387310738},
	publisher = {Springer-Verlag},
	address = {Berlin, Heidelberg}
}


@online{bayes-rule,
	title = {{Bayes Rule}},
	url = {https://en.wikipedia.org/wiki/Bayes%27_theorem},
	author = {Wikipedia}
}

@online{trec,
	title = {{Text Retrival Conference (TREC)}},
	url = {https://trec.nist.gov/},
	author = {NIST}
}

@online{bag-of-words,
	title = {{Bag-of-words}},
	url = {https://en.wikipedia.org/wiki/Bag-of-words_model},
	author = {Wikipedia}
}

@inbook{ontology-learning,
	title = {Handbook on Ontologies},
	chapter = {Ontology Learning},
	author = {Maedche A. and Staab S.},
	year = {2004},
	publisher = {International Handbooks on Information Systems},
	address = { Springer, Berlin, Heidelberg},
	url = {https://doi.org/10.1007/978-3-540-24750-0_9}
}

@inbook{semantic-text-classification,
	title = {Advances in Web Mining and Web Usage Analysis},
	chapter = {Boosting for Text Classification with Semantic Features},
	author = {Bloehdorn S. and Hotho A.},
	year = {2006},
	publisher = {WebKDD 2004. Lecture Notes in Computer Science},
	volumn = {3932},
	address = {Springer, Berlin, Heidelberg},
	url = {https://doi.org/10.1007/11899402_10}
}

@inproceedings{document-cleaning,
	title={Web document clustering: A feasibility demonstration},
	author={Zamir, Oren and Etzioni, Oren},
	booktitle={Proceedings of the 21st annual international ACM SIGIR conference on Research and development in information retrieval},
	pages={46--54},
	year={1998}
}

@inproceedings{feature-selection-and-extraction,
	title={Feature selection and feature extraction for text categorization},
	author={Lewis, David D},
	booktitle={Speech and Natural Language: Proceedings of a Workshop Held at Harriman, New York, February 23-26, 1992},
	year={1992}
}

@inproceedings{wim2005,
	title={WIM at TREC 2005.},
	author={ Junyu Niu and Lin Sun and etc. },
	url={https://trec.nist.gov/pubs/trec14/papers/fudanu-sun.geo.ent.pdf},
	booktitle={Text Retrieval Conference (TREC)},
	year={2005},
	organization={NIST}
}

@article{vicient2013automatic,
	title={An automatic approach for ontology-based feature extraction from heterogeneous textualresources},
	author={Vicient, Carlos and S{\'a}nchez, David and Moreno, Antonio},
	journal={Engineering Applications of Artificial Intelligence},
	volume={26},
	number={3},
	pages={1092--1106},
	year={2013},
	publisher={Elsevier}
}

@inproceedings{wang2003comparative,
	title={A comparative study for domain ontology guided feature extraction},
	author={Wang, Bill B and Mckay, RI Bob and Abbass, Hussein A and Barlow, Michael},
	booktitle={Proceedings of the 26th Australasian computer science conference-Volume 16},
	pages={69--78},
	year={2003}
}

@article{chowdhury2003natural,
	title={Natural language processing},
	author={Chowdhury, Gobinda G},
	journal={Annual review of information science and technology},
	volume={37},
	number={1},
	pages={51--89},
	year={2003},
	publisher={Wiley Online Library}
}

@article{kim2006some,
	title={Some effective techniques for naive bayes text classification},
	author={Kim, Sang-Bum and Han, Kyoung-Soo and Rim, Hae-Chang and Myaeng, Sung Hyon},
	journal={IEEE transactions on knowledge and data engineering},
	volume={18},
	number={11},
	pages={1457--1466},
	year={2006},
	publisher={IEEE}
}

@inproceedings{mccallum1998comparison,
	title={A comparison of event models for naive bayes text classification},
	author={McCallum, Andrew and Nigam, Kamal and others},
	booktitle={AAAI-98 workshop on learning for text categorization},
	volume={752},
	number={1},
	pages={41--48},
	year={1998},
	organization={Citeseer}
}

@article{chen2009feature,
	title={Feature selection for text classification with Na{\"\i}ve Bayes},
	author={Chen, Jingnian and Huang, Houkuan and Tian, Shengfeng and Qu, Youli},
	journal={Expert Systems with Applications},
	volume={36},
	number={3},
	pages={5432--5435},
	year={2009},
	publisher={Elsevier}
}

@inproceedings{dai2007transferring,
	title={Transferring naive bayes classifiers for text classification},
	author={Dai, Wenyuan and Xue, Gui-Rong and Yang, Qiang and Yu, Yong},
	booktitle={AAAI},
	volume={7},
	pages={540--545},
	year={2007}
}

@online{stopwords-list,
	title = {{Stopwords list}},
	url = {https://www.ranks.nl/stopwords},
	author = {ranks.nl}
}

@online{corpus,
	title = {20 Newsgroup Messages},
	url = {https://www.cs.cmu.edu/afs/cs/project/theo-11/www/naive-bayes.html},
	author = {Jason Rennie}
}

@online{cross-validation,
	title = {{Cross Validation}},
	url = {https://en.wikipedia.org/wiki/Cross-validation_(statistics)},
	author = {Wikipedia}
}